@inproceedings{Dxex,
    author                  = {Cardoen, Ben and
                               Manhaeve, Stijn and
                               Tuijn, Tim and
                               Van Tendeloo, Yentl and
                               Vanmechelen, Kurt and
                               Vangheluwe, Hans and
                               Broeckhove, Jan},
    title                   = {Performance Analysis of a {PDEVS} Simulator Supporting Multiple Synchronization Protocols},
    booktitle               = {Proceedings of the 2016 Symposium on Theory of Modeling and Simulation - DEVS},
    series                  = {TMS/DEVS '16, part of the Spring Simulation Multi-Conference},
    month                   = APR,
    pages                   = {614 -- 621},
    year                    = {2016},
    location                = {Pasadena, CA, USA},
    publisher               = {Society for Computer Simulation International},
}
