@inproceedings{PythonPDEVS,
    author                  = {Van Tendeloo, Yentl and
                               Vangheluwe, Hans},
    title                   = {The Modular Architecture of the {Python(P)DEVS} Simulation Kernel},
    booktitle               = {Proceedings of the 2014 Spring Simulation Multiconference},
    year                    = {2014},
    pages                   = {387--392},
}

@book{ClassicDEVS,
    author                  = {Zeigler, Bernard P. and
                               Praehofer, Herbert and
                               Kim, Tag Gon},
    title                   = {Theory of Modeling and Simulation},
    publisher               = {Academic Press},
    year                    = {2000},
    edition                 = {2nd},
}

@inproceedings{ParallelDEVS,
    author                  = {Chow, Alex Chung Hen and
                               Zeigler, Bernard P.},
    title                   = {{Parallel DEVS}: a parallel, hierarchical, modular, modeling formalism},
    booktitle               = {Proceedings of the 1994 Winter Simulation Multiconference},
    year                    = {1994},
    pages                   = {716--722},
}

@misc{adevs,
    title                   = {adevs},
    author                  = {Nutaro, James J.},
    year                    = {2015},
    howpublished            = "\url{http://www.ornl.gov/~1qn/adevs/}",
}

@article{globaltimewarp,
    author                  = {Kim, Ki Hyung and
                               Seong, Yeong Rak and
                               Kim, Tag Gon and
                               Park, Kyu Ho},
    title                   = {Distributed simulation of hierarchical {DEVS} models: Hierarchical scheduling locally and time warp globally},
    journal                 = {Transactions of the SCS},
    year                    = {1996},
    volume                  = {13},
    number                  = {3},
    pages                   = {135--154},
}

@book{FujimotoBook,
    author                  = {Fujimoto, Richard M.},
    title                   = {Parallel and Distributed Simulation Systems},
    year                    = {1999},
    edition                 = {1st},
    publisher               = {John Wiley \& Sons, Inc.},
    address                 = {New York, NY, USA},
}

@inproceedings{Himmelspach,
    author                  = {Himmelspach, Jan and
                               Uhrmacher, Adelinde M.},
    title                   = {Sequential processing of {PDEVS} models},
    booktitle               = {Proceedings of the 3rd European Modeling \& Simulation Symposium},
    year                    = {2006},
    pages                   = {239--244}
}

@inproceedings{SymbolicFlattening,
    author                  = {Chen, Bin and
                               Vangheluwe, Hans},
    title                   = {Symbolic flattening of {DEVS} models},
    booktitle               = {Proceedings of the 2010 Summer Simulation Multiconference},
    year                    = {2010},
    pages                   = {209--218},
}

@article{TimeWarp,
	author                  = {Jefferson, David R.},
	title                   = {Virtual Time},
	journal                 = {ACM Transactions on Programming Languages and Systems},
	volume                  = {7},
	number                  = {3},
	year                    = {1985},
	pages                   = {404--425},
} 

@inproceedings{PHOLD,
    author                  = {Fujimoto, Richard M.},
    title                   = {Performance of {Time Warp} under synthetic workloads},
    year                    = {1990},
    booktitle               = {Proceedings of the SCS Multiconference on Distributed Simulation},
    pages                   = {23--28},
}

@inproceedings{DEVStone,
    author                  = {Glinsky, Ezequiel and
                               Wainer, Gabriel},
    title                   = {{DEVStone}: a Benchmarking Technique for Studying Performance of {DEVS} Modeling and Simulation Environments},
    booktitle               = {Proceedings of the 9th IEEE/ACM International Symposium on Distributed Simulation and Real-Time Applications},
    year                    = {2005},
    pages                   = {265--272},
}

@inproceedings{PythonPDEVS_ACTIMS,
    author                  = {Van Tendeloo, Yentl and
                               Vangheluwe, Hans},
    title                   = {Activity in {PythonPDEVS}},
    year                    = {2014},
    pages                   = {2:1--2:10},
    booktitle               = {Proceedings of the workshop on Activity-based Modeling and Simulation},
}

@inproceedings{PythonPDEVS2,
    author                  = {Van Tendeloo, Yentl and
                               Vangheluwe, Hans},
    title                   = {{PythonPDEVS: a distributed Parallel DEVS simulator}},
    booktitle               = {Proceedings of the 2015 Spring Simulation Multiconference},
    year                    = {2015},
    pages                   = {844--851},
}

@article{DSDEVS,
    author                  = {Barros, Fernando J.},
    title                   = {Modeling formalisms for dynamic structure systems},
    journal                 = {ACM Transactions on Modeling and Computer Simulation},
    volume                  = {7},
    year                    = {1997},
    pages                   = {501--515},
}

@inproceedings{Jafer,
    author                  = {Jafer, Shafagh and
                               Wainer, Gabriel},
    title                   = {Conservative vs. Optimistic Parallel Simulation of {DEVS} and {Cell-DEVS}: A Comparative Study},
    booktitle               = {Proceedings of the Summer Computer Simulation Conference},
    year                    = {2010},
    pages                   = {342--349},
} 

@inproceedings{adevs_opt,
    author                  = {Muzy, Alexandre and
                               Nutaro, James J.},
    title                   = {Algorithms for efficient implementations of the {DEVS} \& {DSDEVS} abstract simulators},
    booktitle               = {1st Open International Conference on Modeling and Simulation (OICMS)},
    year                    = {2005},
    pages                   = {273--279},
}

@inproceedings{DEVSbase,
    author                  = {Vangheluwe, Hans},
    title                   = {{DEVS} as a common denominator for multi-formalism hybrid systems modelling},
    booktitle               = {IEEE International Symposium on Computer-Aided Control System Design},
    year                    = {2000},
    pages                   = {129--134},
}

@misc{openmp4,
	author                  = {{OpenMP Architecture Review Board}},
	title                   = {{OpenMP} Application Program Interface Version 4.5},
	year                    = {2015},
	howpublished            = "\url{http://www.openmp.org/mp-documents/openmp-4.5.pdf}",
}

@misc{tcmalloc,
    author                  = {Ghemawat, Sanjay and 
                               Menage, Paul},
    title                   = {{TCMalloc}: Thread-Caching Malloc},
    year                    = {2005},
    howpublished            = "\url{http://goog-perftools.sourceforge.net/doc/tcmalloc.html}",
}

@misc{boostpool,
	author                  = {Cleary, Stephen and
                               Bristow A., Paul},
	title                   = {{Boost Pool}: Fast memory pool allocation},
	year                    = {2011},
	howpublished            = "\url{http://www.boost.org/doc/libs/1_61_0/libs/pool/doc/html/}"
}

@article{Nethercote:2007:VFH:1273442.1250746,
	author                  = {Nethercote, Nicholas and
                               Seward, Julian},
	title                   = {Valgrind: A Framework for Heavyweight Dynamic Binary Instrumentation},
	journal                 = {SIGPLAN Notices},
	volume                  = {42},
	number                  = {6},
	year                    = {2007},
	pages                   = {89--100},
} 

@article{mattern,
	title                   = {Efficient algorithms for distributed snapshots and global virtual time approximation},
	author                  = {Mattern, Friedemann},
	journal                 = {Journal of Parallel and Distributed Computing},
	volume                  = {18},
	number                  = {4},
	pages                   = {423--434},
	year                    = {1993},
}

@inproceedings{Bauer:2005:SND:1069810.1070159,
	author                  = {Bauer, David and
                               Yaun, Garrett and
                               Carothers, Christopher D. and
                               Yuksel, Murat and
                               Kalyanaraman, Shivkumar},
	title                   = {{Seven-O'Clock}: A New Distributed {GVT} Algorithm Using Network Atomic Operations},
	booktitle               = {Proceedings of the Workshop on Principles of Advanced and Distributed Simulation},
	year                    = {2005},
	pages                   = {39--48},
} 

@article{Fujimoto:1997:CGV:268403.268404,
	author                  = {Fujimoto, Richard M. and
                               Hybinette, Maria},
	title                   = {Computing {Global Virtual Time} in Shared-memory Multiprocessors},
	journal                 = {ACM Transactions on Modeling and Computer Simulation},
	volume                  = {7},
	number                  = {4},
	year                    = {1997},
	pages                   = {425--446},
} 

@mastersthesis{MasterThesis,
    author                  = {Van Tendeloo, Yentl},
    title                   = {Activity-aware {DEVS} simulation},
    school                  = {University of Antwerp},
    address                 = {Antwerp, Belgium},
    year                    = {2014},
}

@inproceedings{DEVSSurvey,
    author                  = {Franceschini, Romain and
                               Bisgambiglia, Paul-Antoine and
                               Touraille, Luc and
                               Bisgambiglia, Paul and
                               Hill, David},
    title                   = {A survey of modelling and simulation software frameworks using {Discrete Event System Specification}},
    booktitle               = {2014 Imperial College Computing Student Workshop},
    pages                   = {40--49},
    year                    = {2014},
    publisher               = {Schloss Dagstuhl--Leibniz-Zentrum fuer Informatik},
}

@inproceedings{vle,
    author                  = {Quesnel, Gauthier and
                               Duboz, Rapha\"{e}l and
                               Ramat, \'{E}ric and
                               Traor{\'e}, Mamadou K.},
    title                   = {{VLE}: a multimodeling and simulation environment},
    booktitle               = {Proceedings of the Summer Simulation Multiconference},
    year                    = {2007},
    pages                   = {367--374},
}

@article{CD++,
    author                  = {Wainer, Gabriel},
    title                   = {{CD++}: a toolkit to develop {DEVS} models},
    journal                 = {Software: Practice and Experience},
    volume                  = {32},
    number                  = {13},
    pages                   = {1261--1306},
    year                    = {2002},
}

@article{powerdevs,
    author                  = {Bergero, Federico and
                               Kofman, Ernesto},
    title                   = {{PowerDEVS}: a tool for hybrid system modeling and real-time simulation},
    journal                 = {Simulation},
    year                    = {2011},
    pages                   = {113--132},
    volume                  = {87},
    number                  = {1-2},
}

@misc{Memory, 
	title                   = {What every programmer should know about memory}, 
	author                  = {Drepper, Ulrich}, 
	year                    = {2007},
    howpublished            = {https://lwn.net/Articles/250967/},
}

@inproceedings{PCD++,
    author                  = {Troccoli, Alejandro and
                               Wainer, Gabriel},
    title                   = {Implementing {Parallel Cell-DEVS}},
    booktitle               = {Proceedings of the Spring Simulation Symposium},
    year                    = {2003},
    pages                   = {273--280}
}

@inproceedings{CCD++,
    author                  = {Jafer, Shafagh and
                               Wainer, Gabriel},
    title                   = {Flattened Conservative Parallel Simulator for {DEVS} and {Cell-DEVS}},
    year                    = {2009},
    booktitle               = {Proceedings of International Conferences on Computational Science and Engineering},
    pages                   = {443--448},
}

@inproceedings{AbstractSimulator,
    author                  = {Chow, Alex Chung Hen and
                               Zeigler, Bernard P. and
                               Kim, Doo Hwan},
    title                   = {Abstract simulator for the parallel {DEVS} formalism},
    year                    = {1994},
    booktitle               = {AI, Simulation, and Planning in High Autonomy Systems},
    pages                   = {157--163},
}

@article{PhysRevE.75.066701,
	title                   = {Random numbers for large-scale distributed {Monte Carlo} simulations},
	author                  = {Bauke, Heiko and
                               Mertens, Stephan},
	journal                 = {Physical Review E},
	volume                  = {75},
	number                  = {6},
	pages                   = {066701:1--066701:14},
	year                    = {2007},
}

@inproceedings{Scalability,
	author                  = {Nicol, David M.},
	title                   = {Scalability, Locality, Partitioning and Synchronization {PDES}},
	booktitle               = {Proceedings of the 12th Workshop on Parallel and Distributed Simulation},
	year                    = {1998},
	pages                   = {5--11},
} 

@inproceedings{PDESpartitioning,
	author                  = {Bahulkar, Ketan and
                               Wang, Jingjing and
                               Abu-Ghazaleh, Nael and
                               Ponomarev, Dmitry},
	title                   = {Partitioning on Dynamic Behavior for Parallel Discrete Event Simulation},
	booktitle               = {Proceedings of the ACM/IEEE/SCS 26th Workshop on Principles of Advanced and Distributed Simulation},
	year                    = {2012},
	pages                   = {221--230},
} 

@inproceedings{PDEVSpartitioning,
	author                  = {Himmelspach, Jan and
                               Ewald, Roland and
                               Leye, Stefan and
                               Uhrmacher, Adelinde M.},
	title                   = {Parallel and Distributed Simulation of {Parallel DEVS} Models},
	booktitle               = {Proceedings of the 2007 Spring Simulation Multiconference - Volume 2},
	year                    = {2007},
	pages                   = {249--256},
} 

@inproceedings{Jha:1994:UFC:195291.182480,
	author                  = {Jha, Vikas and
                               Bagrodia, Rajive L.},
	title                   = {A Unified Framework for Conservative and Optimistic Distributed Simulation},
	year                    = {1994},
    booktitle               = {Proceedings of the eigth workshop on Parallel and distributed simulation},
	pages                   = {12--19},
}

@inproceedings{Das:1996:APP:256562.256602,
	author                  = {Das, Samir R.},
	title                   = {Adaptive Protocols for Parallel Discrete Event Simulation},
	booktitle               = {Proceedings of the Winter Simulation Conference},
	year                    = {1996},
	pages                   = {186--193},
}

@inproceedings{perumalla2005musik,
	title                   = {$\mu$sik-a micro-kernel for parallel/distributed simulation systems},
	author                  = {Perumalla, Kalyan S},
	booktitle               = {Workshop on Principles of Advanced and Distributed Simulation},
	pages                   = {59--68},
	year                    = {2005},
}

@article{DEVStoneJournal,
    author                  = {Wainer, Gabriel and
                               Glinsky, Ezequiel and
                               Gutierrez-Alcaraz, Marcelo},
    title                   = {{Studying performance of DEVS modeling and simulation environments using the DEVStone benchmark}},
    year                    = {2011},
    journal                 = {SIMULATION},
    volume                  = {87},
    number                  = {7},
    pages                   = {555--580},
}

@article{Random,
    author                  = {L'Ecuyer, Pierre},
    title                   = {Random Numbers for Simulation},
    journal                 = {Communications of the ACM},
    volume                  = {33},
    number                  = {10},
    year                    = {1990},
    pages                   = {85--97},
} 

@inbook{Gossip,
    author                  = {Jelasity, M{\'a}rk},
    title                   = {Gossip},
    booktitle               = {Self-organising Software: From Natural to Artificial Adaptation},
    year                    = {2011},
    publisher               = {Springer Berlin Heidelberg},
    pages                   = {139--162},
}

@inproceedings{JDF,
    author                  = {Van Tendeloo, Yentl and
                               Vangheluwe, Hans},
    title                   = {An Overview of {PythonPDEVS}},
    editor                  = {Collectif Workshop {RED}},
    booktitle               = {JDF 2016 -- Les Journ\'ees DEVS Francophones -- Th\'eorie et Applications},
    year                    = {2016},
    pages                   = {59 -- 66},
}

@inproceedings{dxex,
    author                  = {Cardoen, Ben and
                               Manhaeve, Stijn and
                               Tuijn, Tim and
                               Van Tendeloo, Yentl and
                               Vanmechelen, Kurt and
                               Vangheluwe, Hans and
                               Broeckhove, Jan},
    title                   = {Performance Analysis of a {PDEVS} Simulator Supporting Multiple Synchronization Protocols},
    booktitle               = {Proceedings of the 2016 Symposium on Theory of Modeling and Simulation - DEVS},
    pages                   = {614 -- 621},
    year                    = {2016},
}
